<record><leader>00000cas a2200000 a 4500</leader><controlfield tag="001">34010310</controlfield><controlfield tag="008">960110d18821953miuwr ne      0    0eng c</controlfield><datafield ind1=" " ind2=" " tag="010"><subfield code="a">sn 95077623 </subfield></datafield><datafield ind1=" " ind2=" " tag="040"><subfield code="a">MHN</subfield><subfield code="b">eng</subfield><subfield code="c">MHN</subfield><subfield code="d">OCL</subfield><subfield code="d">OCLCQ</subfield><subfield code="d">OCLCF</subfield><subfield code="d">OCLCO</subfield></datafield><datafield ind1="1" ind2=" " tag="029"><subfield code="a">AU@</subfield><subfield code="b">000012146916</subfield></datafield><datafield ind1=" " ind2=" " tag="042"><subfield code="a">pcc</subfield></datafield><datafield ind1=" " ind2=" " tag="043"><subfield code="a">n-us-mi</subfield></datafield><datafield ind1="0" ind2="0" tag="245"><subfield code="a">Allegan gazette.</subfield></datafield><datafield ind1=" " ind2=" " tag="260"><subfield code="a">Allegan, Mich. :</subfield><subfield code="b">Edwy C. Reid</subfield></datafield><datafield ind1=" " ind2=" " tag="300"><subfield code="a">v.</subfield></datafield><datafield ind1=" " ind2=" " tag="310"><subfield code="a">Weekly,</subfield><subfield code="b">Oct. 19, 1950-June 11, 1953</subfield></datafield><datafield ind1=" " ind2=" " tag="321"><subfield code="a">Weekly,</subfield><subfield code="b">May 6, 1882-&lt;Dec. 14, 1944&gt;</subfield></datafield><datafield ind1=" " ind2=" " tag="321"><subfield code="a">Semiweekly,</subfield><subfield code="b">&lt;Mar. 11, 1948&gt;-Oct. 12, 1950</subfield></datafield><datafield ind1="0" ind2=" " tag="362"><subfield code="a">Vol. 1, no. 1 (May 6, 1882)-v. 72, no. 6 (June 11, 1953).</subfield></datafield><datafield ind1=" " ind2="0" tag="651"><subfield code="a">Allegan (Mich.)</subfield><subfield code="v">Newspapers.</subfield></datafield><datafield ind1=" " ind2="0" tag="651"><subfield code="a">Allegan County (Mich.)</subfield><subfield code="v">Newspapers.</subfield></datafield><datafield ind1=" " ind2="7" tag="655"><subfield code="a">Newspapers.</subfield><subfield code="2">fast</subfield><subfield code="0">(OCoLC)fst01423814</subfield></datafield><datafield ind1=" " ind2="7" tag="651"><subfield code="a">Michigan</subfield><subfield code="z">Allegan.</subfield><subfield code="2">fast</subfield><subfield code="0">(OCoLC)fst01219726</subfield></datafield><datafield ind1=" " ind2="7" tag="651"><subfield code="a">Michigan</subfield><subfield code="z">Allegan County.</subfield><subfield code="2">fast</subfield><subfield code="0">(OCoLC)fst01213215</subfield></datafield><datafield ind1=" " ind2=" " tag="752"><subfield code="a">United States</subfield><subfield code="b">Michigan</subfield><subfield code="c">Allegan</subfield><subfield code="d">Allegan.</subfield></datafield><datafield ind1="0" ind2="5" tag="780"><subfield code="t">Allegan journal (Allegan, Mich. : 1888)</subfield><subfield code="w">(DLC)sn 97063367</subfield><subfield code="w">(OCoLC)37218680</subfield></datafield><datafield ind1="0" ind2="0" tag="785"><subfield code="t">Allegan weekly newsmagazine gazette</subfield><subfield code="w">(DLC)sn 95077624</subfield><subfield code="w">(OCoLC)34008793</subfield></datafield></record>